@misc{demszky2020goemotions,
      title={GoEmotions: A Dataset of Fine-Grained Emotions}, 
      author={Dorottya Demszky and Dana Movshovitz-Attias and Jeongwoo Ko and Alan Cowen and Gaurav Nemade and Sujith Ravi},
      year={2020},
      eprint={2005.00547},
      archivePrefix={arXiv},
      primaryClass={cs.CL}
}

@misc{you2019attentionxml,
      title={AttentionXML: Label Tree-based Attention-Aware Deep Model for High-Performance Extreme Multi-Label Text Classification}, 
      author={Ronghui You and Zihan Zhang and Ziye Wang and Suyang Dai and Hiroshi Mamitsuka and Shanfeng Zhu},
      year={2019},
      eprint={1811.01727},
      archivePrefix={arXiv},
      primaryClass={cs.CL}
}

@misc{wang2018joint,
      title={Joint Embedding of Words and Labels for Text Classification}, 
      author={Guoyin Wang and Chunyuan Li and Wenlin Wang and Yizhe Zhang and Dinghan Shen and Xinyuan Zhang and Ricardo Henao and Lawrence Carin},
      year={2018},
      eprint={1805.04174},
      archivePrefix={arXiv},
      primaryClass={cs.CL}
}

@misc{vaswani2017attention,
      title={Attention Is All You Need}, 
      author={Ashish Vaswani and Noam Shazeer and Niki Parmar and Jakob Uszkoreit and Llion Jones and Aidan N. Gomez and Lukasz Kaiser and Illia Polosukhin},
      year={2017},
      eprint={1706.03762},
      archivePrefix={arXiv},
      primaryClass={cs.CL}
}

@misc{cui2019classbalanced,
      title={Class-Balanced Loss Based on Effective Number of Samples}, 
      author={Yin Cui and Menglin Jia and Tsung-Yi Lin and Yang Song and Serge Belongie},
      year={2019},
      eprint={1901.05555},
      archivePrefix={arXiv},
      primaryClass={cs.CV}
}

@misc{zhang2018deep,
      title={Deep Extreme Multi-label Learning}, 
      author={Wenjie Zhang and Junchi Yan and Xiangfeng Wang and Hongyuan Zha},
      year={2018},
      eprint={1704.03718},
      archivePrefix={arXiv},
      primaryClass={cs.LG}
}

@misc{chang2020taming,
      title={Taming Pretrained Transformers for Extreme Multi-label Text Classification}, 
      author={Wei-Cheng Chang and Hsiang-Fu Yu and Kai Zhong and Yiming Yang and Inderjit Dhillon},
      year={2020},
      eprint={1905.02331},
      archivePrefix={arXiv},
      primaryClass={cs.LG}
}

@misc{gaonkar2020modeling,
      title={Modeling Label Semantics for Predicting Emotional Reactions}, 
      author={Radhika Gaonkar and Heeyoung Kwon and Mohaddeseh Bastan and Niranjan Balasubramanian and Nathanael Chambers},
      year={2020},
      eprint={2006.05489},
      archivePrefix={arXiv},
      primaryClass={cs.CL}
}
%%%%%%%%%%%%%%%%%%%%%%%%
@misc{li2017dailydialog,
      title={DailyDialog: A Manually Labelled Multi-turn Dialogue Dataset}, 
      author={Yanran Li and Hui Su and Xiaoyu Shen and Wenjie Li and Ziqiang Cao and Shuzi Niu},
      year={2017},
      eprint={1710.03957},
      archivePrefix={arXiv},
      primaryClass={cs.CL}
}

@misc{dataset-EmotionStimulus,
      title={Detecting Emotion Stimuli in EmotionBearing Sentences}, 
      author={Diman Ghazi, Diana Inkpen, and Stan Szpakowicz},
      year={2015},
      eprint={},
      archivePrefix={},
      primaryClass={}
}


@misc{dataset-Affective text,
      title={SemEval2007 task 14: Affective text}, 
      author={Carlo Strapparava and Rada Mihalcea},
      year={2007},
      eprint={},
      archivePrefix={},
      primaryClass={}
}

% Sentiment, emotion, purpose, and style in electoral tweets

@misc{dataset-ElectoralTweets,
      title={SemEval2007 task 14: Affective text}, 
      author={Carlo Strapparava and Rada Mihalcea},
      year={2007},
      eprint={},
      archivePrefix={},
      primaryClass={}
}

@misc{mohammad-etal-2018-semeval,
    title = {{S}em{E}val-2018 Task 1: Affect in Tweets},
    author = {Mohammad, Saif  and
      Bravo-Marquez, Felipe  and
      Salameh, Mohammad  and
      Kiritchenko, Svetlana},
    booktitle = "Proceedings of The 12th International Workshop on Semantic Evaluation",
    month = jun,
    year = "2018",
    address = "New Orleans, Louisiana",
    publisher = "Association for Computational Linguistics",
    url = "https://aclanthology.org/S18-1001",
    doi = "10.18653/v1/S18-1001",
    pages = "1--17",
}